@Manual{base,
title = {{R}: A Language and Environment for Statistical Computing},
  author = {{R Core Team}},
  organization = {R Foundation for Statistical Computing},
  address = {Vienna, Austria},
  year = {2024},
  url = {https://www.R-project.org/},
}
@Misc{bayesplot2024,
title = {{bayesplot}: Plotting for Bayesian Models},
  author = {Jonah Gabry and Tristan Mahr},
  year = {2024},
  note = {R package version 1.11.1},
  url = {https://mc-stan.org/bayesplot/},
}

@Article{bayesplot2019,
  title = {Visualization in Bayesian workflow},
  author = {Jonah Gabry and Daniel Simpson and Aki Vehtari and Michael Betancourt and Andrew Gelman},
  year = {2019},
  journal = {J. R. Stat. Soc. A},
  volume = {182},
  issue = {2},
  pages = {389-402},
  doi = {10.1111/rssa.12378},
}
@Article{brms2017,
  title = {{brms}: An {R} Package for {Bayesian} Multilevel Models Using {Stan}},
  author = {Paul-Christian Bürkner},
  journal = {Journal of Statistical Software},
  year = {2017},
  volume = {80},
  number = {1},
  pages = {1--28},
  doi = {10.18637/jss.v080.i01},
  encoding = {UTF-8},
}

@Article{brms2018,
  title = {Advanced {Bayesian} Multilevel Modeling with the {R} Package {brms}},
  author = {Paul-Christian Bürkner},
  journal = {The R Journal},
  year = {2018},
  volume = {10},
  number = {1},
  pages = {395--411},
  doi = {10.32614/RJ-2018-017},
  encoding = {UTF-8},
}

@Article{brms2021,
  title = {Bayesian Item Response Modeling in {R} with {brms} and {Stan}},
  author = {Paul-Christian Bürkner},
  journal = {Journal of Statistical Software},
  year = {2021},
  volume = {100},
  number = {5},
  pages = {1--54},
  doi = {10.18637/jss.v100.i05},
  encoding = {UTF-8},
}
@Manual{broommixed,
title = {{broom.mixed}: Tidying Methods for Mixed Models},
  author = {Ben Bolker and David Robinson},
  year = {2024},
  note = {R package version 0.2.9.6},
  url = {https://github.com/bbolker/broom.mixed},
}
@Article{ggdist2024a,
  author = {Matthew Kay},
  title = {{ggdist}: Visualizations of Distributions and Uncertainty in the Grammar of Graphics},
  journal = {IEEE Transactions on Visualization and Computer Graphics},
  year = {2024},
  volume = {30},
  number = {1},
  pages = {414--424},
  doi = {10.1109/TVCG.2023.3327195},
}

@Manual{ggdist2024b,
  title = {{ggdist}: Visualizations of Distributions and Uncertainty},
  author = {Matthew Kay},
  year = {2024},
  note = {R package version 3.3.2},
  url = {https://mjskay.github.io/ggdist/},
  doi = {10.5281/zenodo.3879620},
}
@Manual{here,
title = {{here}: A Simpler Way to Find Your Files},
  author = {Kirill Müller},
  year = {2020},
  note = {R package version 1.0.1, https://github.com/r-lib/here},
  url = {https://here.r-lib.org/},
}
@Manual{janitor,
title = {{janitor}: Simple Tools for Examining and Cleaning Dirty Data},
  author = {Sam Firke},
  year = {2024},
  note = {R package version 2.2.1, 
https://sfirke.github.io/janitor/},
  url = {https://github.com/sfirke/janitor},
}
@Article{marginaleffects,
  title = {How to Interpret Statistical Models Using {marginaleffects} for {R} and {Python}},
  author = {Vincent Arel-Bundock and Noah Greifer and Andrew Heiss},
  journal = {Journal of Statistical Software},
  year = {2024},
  volume = {111},
  number = {9},
  pages = {1--32},
  doi = {10.18637/jss.v111.i09},
}
@Manual{ordbetareg,
title = {{ordbetareg}: Ordered Beta Regression Models with `{brms}'},
  author = {Robert Kubinec},
  year = {2023},
  note = {R package version 0.7.2},
}
@Manual{parallel,
title = {{R}: A Language and Environment for Statistical Computing},
  author = {{R Core Team}},
  organization = {R Foundation for Statistical Computing},
  address = {Vienna, Austria},
  year = {2024},
  url = {https://www.R-project.org/},
}
@Manual{patchwork,
title = {{patchwork}: The Composer of Plots},
  author = {Thomas Lin Pedersen},
  year = {2024},
  note = {R package version 1.3.0},
  url = {https://CRAN.R-project.org/package=patchwork},
}
@Manual{renv,
title = {{renv}: Project Environments},
  author = {Kevin Ushey and Hadley Wickham},
  year = {2024},
  note = {R package version 1.0.5},
  url = {https://CRAN.R-project.org/package=renv},
}
@Manual{rmarkdown2024,
title = {{rmarkdown}: Dynamic Documents for R},
  author = {JJ Allaire and Yihui Xie and Christophe Dervieux and Jonathan McPherson and Javier Luraschi and Kevin Ushey and Aron Atkins and Hadley Wickham and Joe Cheng and Winston Chang and Richard Iannone},
  year = {2024},
  note = {R package version 2.26},
  url = {https://github.com/rstudio/rmarkdown},
}

@Book{rmarkdown2018,
  title = {R Markdown: The Definitive Guide},
  author = {Yihui Xie and J.J. Allaire and Garrett Grolemund},
  publisher = {Chapman and Hall/CRC},
  address = {Boca Raton, Florida},
  year = {2018},
  isbn = {9781138359338},
  url = {https://bookdown.org/yihui/rmarkdown},
}

@Book{rmarkdown2020,
  title = {R Markdown Cookbook},
  author = {Yihui Xie and Christophe Dervieux and Emily Riederer},
  publisher = {Chapman and Hall/CRC},
  address = {Boca Raton, Florida},
  year = {2020},
  isbn = {9780367563837},
  url = {https://bookdown.org/yihui/rmarkdown-cookbook},
}
@Misc{rstan,
  title = {{RStan}: the {R} interface to {Stan}},
  author = {{Stan Development Team}},
  note = {R package version 2.32.6},
  year = {2024},
  url = {https://mc-stan.org/},
}
@Manual{scales,
title = {{scales}: Scale Functions for Visualization},
  author = {Hadley Wickham and Thomas Lin Pedersen and Dana Seidel},
  year = {2023},
  note = {R package version 1.3.0, https://github.com/r-lib/scales},
  url = {https://scales.r-lib.org},
}
@Article{targets,
  title = {The targets R package: a dynamic Make-like function-oriented pipeline toolkit for reproducibility and high-performance computing},
  author = {William Michael Landau},
  journal = {Journal of Open Source Software},
  year = {2021},
  volume = {6},
  number = {57},
  pages = {2959},
  url = {https://doi.org/10.21105/joss.02959},
}
@Manual{tidybayes,
  title = {{tidybayes}: Tidy Data and Geoms for {Bayesian} Models},
  author = {Matthew Kay},
  year = {2024},
  note = {R package version 3.0.7},
  url = {http://mjskay.github.io/tidybayes/},
  doi = {10.5281/zenodo.1308151},
}
@Article{tidyverse,
  title = {Welcome to the {tidyverse}},
  author = {Hadley Wickham and Mara Averick and Jennifer Bryan and Winston Chang and Lucy D'Agostino McGowan and Romain François and Garrett Grolemund and Alex Hayes and Lionel Henry and Jim Hester and Max Kuhn and Thomas Lin Pedersen and Evan Miller and Stephan Milton Bache and Kirill Müller and Jeroen Ooms and David Robinson and Dana Paige Seidel and Vitalie Spinu and Kohske Takahashi and Davis Vaughan and Claus Wilke and Kara Woo and Hiroaki Yutani},
  year = {2019},
  journal = {Journal of Open Source Software},
  volume = {4},
  number = {43},
  pages = {1686},
  doi = {10.21105/joss.01686},
}
